@article{
Gri2001,
	Author = {Gil Gribb, Klaus Hartmann},
	Title = {Fast Extraction of Viewing Frustum Planes from the World-View-Projection Matrix},
	Year = {2001}
}
